<record><leader>00000cas a2200000 a 4500</leader><controlfield tag="001">18945087</controlfield><controlfield tag="008">881228d192u194utnuwr ne      0    0eng d</controlfield><datafield ind1=" " ind2=" " tag="010"><subfield code="a">sn 88061277 </subfield></datafield><datafield ind1=" " ind2=" " tag="040"><subfield code="a">KNP</subfield><subfield code="b">eng</subfield><subfield code="c">KNP</subfield><subfield code="d">TGN</subfield><subfield code="d">OCL</subfield><subfield code="d">OCLCQ</subfield><subfield code="d">OCLCF</subfield><subfield code="d">OCLCO</subfield></datafield><datafield ind1="1" ind2=" " tag="029"><subfield code="a">AU@</subfield><subfield code="b">000020537305</subfield></datafield><datafield ind1=" " ind2=" " tag="042"><subfield code="a">msc</subfield></datafield><datafield ind1=" " ind2=" " tag="043"><subfield code="a">n-us-tn</subfield></datafield><datafield ind1="0" ind2="0" tag="245"><subfield code="a">McNairy County appeal.</subfield></datafield><datafield ind1=" " ind2=" " tag="260"><subfield code="a">Adamsville, McNairy County, Tenn. :</subfield><subfield code="b">McNairy County Pub. Co.</subfield></datafield><datafield ind1=" " ind2=" " tag="300"><subfield code="a">v. :</subfield><subfield code="b">ill.</subfield></datafield><datafield ind1=" " ind2=" " tag="500"><subfield code="a">Editor: Jno. W. Hamilton, &lt;1936&gt;</subfield></datafield><datafield ind1=" " ind2=" " tag="588"><subfield code="a">Description based on: Vol. 9, no. 30 (May 1, 1936).</subfield></datafield><datafield ind1=" " ind2="0" tag="651"><subfield code="a">Adamsville (Tenn.)</subfield><subfield code="v">Newspapers.</subfield></datafield><datafield ind1=" " ind2="0" tag="651"><subfield code="a">McNairy County (Tenn.)</subfield><subfield code="v">Newspapers.</subfield></datafield><datafield ind1=" " ind2="7" tag="655"><subfield code="a">Newspapers.</subfield><subfield code="2">fast</subfield><subfield code="0">(OCoLC)fst01423814</subfield></datafield><datafield ind1=" " ind2="7" tag="651"><subfield code="a">Tennessee</subfield><subfield code="z">Adamsville.</subfield><subfield code="2">fast</subfield><subfield code="0">(OCoLC)fst01284193</subfield></datafield><datafield ind1=" " ind2="7" tag="651"><subfield code="a">Tennessee</subfield><subfield code="z">McNairy County.</subfield><subfield code="2">fast</subfield><subfield code="0">(OCoLC)fst01227037</subfield></datafield><datafield ind1=" " ind2=" " tag="752"><subfield code="a">United States</subfield><subfield code="b">Tennessee</subfield><subfield code="c">McNairy</subfield><subfield code="d">Adamsville.</subfield></datafield><datafield ind1="0" ind2="0" tag="785"><subfield code="t">Tennessee Valley appeal</subfield><subfield code="w">(DLC)sn 97065479</subfield></datafield></record>